<?xml version="1.0" encoding="UTF-8"?><collection xmlns="http://www.loc.gov/MARC21/slim"><record><leader>00679nam--2200193-i-4500</leader><controlfield tag="001">000013816</controlfield><controlfield tag="002">20161230</controlfield><controlfield tag="005">20161230201030</controlfield><controlfield tag="008">060222s1000------------r-----000-0-rus-d</controlfield><datafield ind1=" " ind2=" " tag="040"><subfield code="a">IFIN-HH</subfield></datafield><datafield ind1=" " ind2=" " tag="041"><subfield code="a">rus</subfield></datafield><datafield ind1=" " ind2=" " tag="080"><subfield code="a">536</subfield></datafield><datafield ind1="1" ind2=" " tag="100"><subfield code="a">Wolfe, Hugh C</subfield></datafield><datafield ind1="1" ind2="0" tag="245"><subfield code="a">Temperatura i ee izmerenie</subfield><subfield code="b">Sbornik dokladov</subfield><subfield code="c">Hugh c. wolfe (ed.)</subfield></datafield><datafield ind1=" " ind2=" " tag="260"><subfield code="a">Moskva</subfield><subfield code="b">Inostrannoi Literaturi</subfield><subfield code="c">1960</subfield></datafield><datafield ind1=" " ind2=" " tag="300"><subfield code="a">433P</subfield></datafield><datafield ind1=" " ind2=" " tag="500"><subfield code="a">Titlul Original In Limba Engleza: Temperature; Its Measurement And Control In Science And Industry Vol. Ii. Papers Presented At The Third Symposium On Temperature Washington, D.C. October 28-30, 1954</subfield></datafield><datafield ind1=" " ind2=" " tag="852"><subfield code="a">7206</subfield><subfield code="c">536</subfield></datafield><datafield ind1=" " ind2=" " tag="CAT"><subfield code="a">Sys</subfield><subfield code="c">20110503</subfield><subfield code="h">130017</subfield></datafield></record></collection>